%% This BibTeX bibliography file was created using BibDesk.
%% http://bibdesk.sourceforge.net/


%% Created for Willem Heijltjes at 2019-07-05 02:07:59 +0100 


%% Saved with string encoding Unicode (UTF-8) 



@article{Accattoli-Kesner-2012,
	Author = {Beniamino Accattoli and Delia Kesner},
	Date-Added = {2019-07-05 02:00:15 +0100},
	Date-Modified = {2019-07-05 02:07:52 +0100},
	Journal = {Logical Methods in Computer Science},
	Keywords = {lambda-calculus, strong normalisation, explicit substitution},
	Number = {1},
	Title = {Preservation of strong normalisation modulo permutations for the structural lambda-calculus},
	Volume = {8},
	Year = {2012},
	Bdsk-File-1 = {YnBsaXN0MDDSAQIDBFxyZWxhdGl2ZVBhdGhZYWxpYXNEYXRhXxCHLi4vLi4vLi4vLi4vLi4vUGFwZXJzL2FjY2F0dG9saS8yMDEyLXByZXNlcnZhdGlvbiBvZiBzdHJvbmcgbm9ybWFsaXNhdGlvbiBtb2R1bG8gcGVybXV0YXRpb25zIGZybyB0aGUgc3RydWN0dXJhbCAkXGxhbWJkYSQtY2FsY3VsdXMucGRmTxECrgAAAAACrgACAAAMTWFjaW50b3NoIEhEAAAAAAAAAAAAAAAAAAAA01C3pkgrAAAADImlHzIwMTItcHJlc2VydmF0aW9uIG9mICNDODlBNy5wZGYAAAAAAAAAAAAAAAAAAAAAAAAAAAAAAAAAAAAAAAAAAAAMiafNlJEZUERGIENBUk8ABQADAAAJIAAAAAAAAAAAAAAAAAAAAAlhY2NhdHRvbGkAABAACAAA01CplgAAABEACAAAzZSDCQAAAAEAEAAMiaUADImOAAx2/wAGMLwAAgBOTWFjaW50b3NoIEhEOlVzZXJzOgBXaWxsZW06AFBhcGVyczoAYWNjYXR0b2xpOgAyMDEyLXByZXNlcnZhdGlvbiBvZiAjQzg5QTcucGRmAA4A0ABnADIAMAAxADIALQBwAHIAZQBzAGUAcgB2AGEAdABpAG8AbgAgAG8AZgAgAHMAdAByAG8AbgBnACAAbgBvAHIAbQBhAGwAaQBzAGEAdABpAG8AbgAgAG0AbwBkAHUAbABvACAAcABlAHIAbQB1AHQAYQB0AGkAbwBuAHMAIABmAHIAbwAgAHQAaABlACAAcwB0AHIAdQBjAHQAdQByAGEAbAAgACQAXABsAGEAbQBiAGQAYQAkAC0AYwBhAGwAYwB1AGwAdQBzAC4AcABkAGYADwAaAAwATQBhAGMAaQBuAHQAbwBzAGgAIABIAEQAEgCFVXNlcnMvV2lsbGVtL1BhcGVycy9hY2NhdHRvbGkvMjAxMi1wcmVzZXJ2YXRpb24gb2Ygc3Ryb25nIG5vcm1hbGlzYXRpb24gbW9kdWxvIHBlcm11dGF0aW9ucyBmcm8gdGhlIHN0cnVjdHVyYWwgJFxsYW1iZGEkLWNhbGN1bHVzLnBkZgAAEwABLwAAFQACAA3//wAAAAgADQAaACQArgAAAAAAAAIBAAAAAAAAAAUAAAAAAAAAAAAAAAAAAANg}}

@inproceedings{Tiu-2006,
	Author = {Alwen Tiu},
	Booktitle = {International Conference on Logic for Programming Artificial Intelligence and Reasoning (LPAR)},
	Date-Added = {2019-07-05 01:56:12 +0100},
	Date-Modified = {2019-07-05 01:56:12 +0100},
	Keywords = {lambda-calculus, deep inference},
	Pages = {242--256},
	Title = {A Local System for Intuitionistic Logic},
	Year = {2006},
	Bdsk-File-1 = {YnBsaXN0MDDSAQIDBFxyZWxhdGl2ZVBhdGhZYWxpYXNEYXRhXxBKLi4vLi4vLi4vLi4vLi4vUGFwZXJzL1RpdS8yMDA2LWEgbG9jYWwgc3lzdGVtIGZvciBpbnR1aXRpb25pc3RpYyBsb2dpYy5wZGZPEQH2AAAAAAH2AAIAAAxNYWNpbnRvc2ggSEQAAAAAAAAAAAAAAAAAAADTULemSCsAAAAMjg0fMjAwNi1hIGxvY2FsIHN5c3RlbSBmI0M4RTBFLnBkZgAAAAAAAAAAAAAAAAAAAAAAAAAAAAAAAAAAAAAAAAAAAAyODs2ULLZQREYgQ0FSTwAFAAMAAAkgAAAAAAAAAAAAAAAAAAAAA1RpdQAAEAAIAADTUKmWAAAAEQAIAADNlB6mAAAAAQAQAAyODQAMiY4ADHb/AAYwvAACAEhNYWNpbnRvc2ggSEQ6VXNlcnM6AFdpbGxlbToAUGFwZXJzOgBUaXU6ADIwMDYtYSBsb2NhbCBzeXN0ZW0gZiNDOEUwRS5wZGYADgBiADAAMgAwADAANgAtAGEAIABsAG8AYwBhAGwAIABzAHkAcwB0AGUAbQAgAGYAbwByACAAaQBuAHQAdQBpAHQAaQBvAG4AaQBzAHQAaQBjACAAbABvAGcAaQBjAC4AcABkAGYADwAaAAwATQBhAGMAaQBuAHQAbwBzAGgAIABIAEQAEgBIVXNlcnMvV2lsbGVtL1BhcGVycy9UaXUvMjAwNi1hIGxvY2FsIHN5c3RlbSBmb3IgaW50dWl0aW9uaXN0aWMgbG9naWMucGRmABMAAS8AABUAAgAN//8AAAAIAA0AGgAkAHEAAAAAAAACAQAAAAAAAAAFAAAAAAAAAAAAAAAAAAACaw==}}

@book{Barendregt-1984,
	Author = {Hendrik Pieter Barendregt},
	Date-Added = {2019-07-05 01:40:06 +0100},
	Date-Modified = {2019-07-05 01:40:06 +0100},
	Keywords = {lambda-calculus},
	Publisher = {North-Holland},
	Series = {Studies in Logic and the Foundations of Mathematics},
	Title = {The Lambda Calculus -- Its Syntax and Semantics},
	Volume = {103},
	Year = {1984}}

@phdthesis{Klop-1980,
	Author = {Klop, Jan Willem},
	Date-Added = {2019-07-05 01:39:07 +0100},
	Date-Modified = {2019-07-05 01:39:07 +0100},
	Keywords = {term rewriting},
	School = {Utrecht University},
	Title = {Combinatory Reduction Systems},
	Year = {1980}}

@article{Cockett-Seely-1997,
	Author = {Robin Cockett and Robert Seely},
	Date-Added = {2019-07-05 01:03:00 +0100},
	Date-Modified = {2019-07-05 01:56:33 +0100},
	Journal = {Journal of Pure and Applied Algebra},
	Keywords = {linear logic},
	Number = {2},
	Pages = {133--173},
	Title = {Weakly Distributive Categories},
	Volume = {114},
	Year = {1997},
	Bdsk-File-1 = {YnBsaXN0MDDSAQIDBFxyZWxhdGl2ZVBhdGhZYWxpYXNEYXRhXxBGLi4vLi4vLi4vLi4vLi4vUGFwZXJzL0NvY2tldHQvMTk5N2Etd2Vha2x5IGRpc3RyaWJ1dGl2ZSBjYXRlZ29yaWVzLnBkZk8RAeoAAAAAAeoAAgAADE1hY2ludG9zaCBIRAAAAAAAAAAAAAAAAAAAANNQt6ZIKwAAAAyKrh8xOTk3YS13ZWFrbHkgZGlzdHJpYnUjQzhBQjEucGRmAAAAAAAAAAAAAAAAAAAAAAAAAAAAAAAAAAAAAAAAAAAADIqxyjeHXAAAAAAAAAAAAAUAAwAACSAAAAAAAAAAAAAAAAAAAAAHQ29ja2V0dAAAEAAIAADTUKmWAAAAEQAIAADKN3lMAAAAAQAQAAyKrgAMiY4ADHb/AAYwvAACAExNYWNpbnRvc2ggSEQ6VXNlcnM6AFdpbGxlbToAUGFwZXJzOgBDb2NrZXR0OgAxOTk3YS13ZWFrbHkgZGlzdHJpYnUjQzhBQjEucGRmAA4AUgAoADEAOQA5ADcAYQAtAHcAZQBhAGsAbAB5ACAAZABpAHMAdAByAGkAYgB1AHQAaQB2AGUAIABjAGEAdABlAGcAbwByAGkAZQBzAC4AcABkAGYADwAaAAwATQBhAGMAaQBuAHQAbwBzAGgAIABIAEQAEgBEVXNlcnMvV2lsbGVtL1BhcGVycy9Db2NrZXR0LzE5OTdhLXdlYWtseSBkaXN0cmlidXRpdmUgY2F0ZWdvcmllcy5wZGYAEwABLwAAFQACAA3//wAAAAgADQAaACQAbQAAAAAAAAIBAAAAAAAAAAUAAAAAAAAAAAAAAAAAAAJb},
	Bdsk-File-2 = {YnBsaXN0MDDSAQIDBFxyZWxhdGl2ZVBhdGhZYWxpYXNEYXRhXxBFLi4vLi4vLi4vLi4vLi4vUGFwZXJzL0NvY2tldHQvMTk5Ny1XZWFrbHkgRGlzdHJpYnV0aXZlIENhdGVnb3JpZXMucGRmTxEB6AAAAAAB6AACAAAMTWFjaW50b3NoIEhEAAAAAAAAAAAAAAAAAAAA01C3pkgrAAAADIquHzE5OTctV2Vha2x5IERpc3RyaWJ1dCNDOEFCMC5wZGYAAAAAAAAAAAAAAAAAAAAAAAAAAAAAAAAAAAAAAAAAAAAMirDIEG6IAAAAAAAAAAAABQADAAAJIAAAAAAAAAAAAAAAAAAAAAdDb2NrZXR0AAAQAAgAANNQqZYAAAARAAgAAMgQYHgAAAABABAADIquAAyJjgAMdv8ABjC8AAIATE1hY2ludG9zaCBIRDpVc2VyczoAV2lsbGVtOgBQYXBlcnM6AENvY2tldHQ6ADE5OTctV2Vha2x5IERpc3RyaWJ1dCNDOEFCMC5wZGYADgBQACcAMQA5ADkANwAtAFcAZQBhAGsAbAB5ACAARABpAHMAdAByAGkAYgB1AHQAaQB2AGUAIABDAGEAdABlAGcAbwByAGkAZQBzAC4AcABkAGYADwAaAAwATQBhAGMAaQBuAHQAbwBzAGgAIABIAEQAEgBDVXNlcnMvV2lsbGVtL1BhcGVycy9Db2NrZXR0LzE5OTctV2Vha2x5IERpc3RyaWJ1dGl2ZSBDYXRlZ29yaWVzLnBkZgAAEwABLwAAFQACAA3//wAAAAgADQAaACQAbAAAAAAAAAIBAAAAAAAAAAUAAAAAAAAAAAAAAAAAAAJY}}

@inproceedings{Brunnler-Tiu-2001,
	Author = {Kai Br{\"u}nnler and Alwen Tiu},
	Booktitle = {8th International Conference on Logic for Programming Artificial Intelligence and Reasoning (LPAR)},
	Date-Added = {2019-07-05 00:57:06 +0100},
	Date-Modified = {2019-07-05 00:57:06 +0100},
	Keywords = {deep inference, classical logic},
	Pages = {347--361},
	Series = {LNCS},
	Title = {A local system for classical logic},
	Volume = {2250},
	Year = {2001},
	Bdsk-File-1 = {YnBsaXN0MDDSAQIDBFxyZWxhdGl2ZVBhdGhZYWxpYXNEYXRhbxBLAC4ALgAvAC4ALgAvAC4ALgAvAC4ALgAvAC4ALgAvAFAAYQBwAGUAcgBzAC8AQgByAHUDCABuAG4AbABlAHIALwAyADAAMAAxAC0AYQAgAGwAbwBjAGEAbAAgAHMAeQBzAHQAZQBtACAAZgBvAHIAIABjAGwAYQBzAHMAaQBjAGEAbAAgAGwAbwBnAGkAYwAuAHAAZABmTxEB+AAAAAAB+AACAAAMTWFjaW50b3NoIEhEAAAAAAAAAAAAAAAAAAAA01C3pkgrAAAADIpvHzIwMDEtYSBsb2NhbCBzeXN0ZW0gZiNDOEE3MS5wZGYAAAAAAAAAAAAAAAAAAAAAAAAAAAAAAAAAAAAAAAAAAAAMinHNlx/kUERGIENBUk8ABQADAAAJIAAAAAAAAAAAAAAAAAAAAAhCcp9ubmxlcgAQAAgAANNQqZYAAAARAAgAAM2XEdQAAAABABAADIpvAAyJjgAMdv8ABjC8AAIATU1hY2ludG9zaCBIRDpVc2VyczoAV2lsbGVtOgBQYXBlcnM6AEJyn25ubGVyOgAyMDAxLWEgbG9jYWwgc3lzdGVtIGYjQzhBNzEucGRmAAAOAFgAKwAyADAAMAAxAC0AYQAgAGwAbwBjAGEAbAAgAHMAeQBzAHQAZQBtACAAZgBvAHIAIABjAGwAYQBzAHMAaQBjAGEAbAAgAGwAbwBnAGkAYwAuAHAAZABmAA8AGgAMAE0AYQBjAGkAbgB0AG8AcwBoACAASABEABIASlVzZXJzL1dpbGxlbS9QYXBlcnMvQnJ1zIhubmxlci8yMDAxLWEgbG9jYWwgc3lzdGVtIGZvciBjbGFzc2ljYWwgbG9naWMucGRmABMAAS8AABUAAgAN//8AAAAIAA0AGgAkAL0AAAAAAAACAQAAAAAAAAAFAAAAAAAAAAAAAAAAAAACuQ==}}

@phdthesis{He-2018,
	Author = {He, Fanny},
	Date-Added = {2019-07-05 00:24:07 +0100},
	Date-Modified = {2019-07-05 00:24:07 +0100},
	Keywords = {lambda-mu, deep inference, sharing},
	School = {University of Bath},
	Title = {The Atomic Lambda-Mu Calculus},
	Year = {2018},
	Bdsk-Url-1 = {http://people.bath.ac.uk/fh341/pdf/HE-Thesis.pdf}}

@article{Balabonski-2012,
	Author = {Thibaut Balabonski},
	Date-Added = {2019-07-05 00:22:47 +0100},
	Date-Modified = {2019-07-05 02:07:35 +0100},
	Journal = {ACM SIGPLAN Notices},
	Keywords = {lambda-calculus, graph rewriting, explicit sharing},
	Number = {1},
	Pages = {469--480},
	Title = {A Unified Approach to Fully Lazy Sharing},
	Volume = {47},
	Year = {2012},
	Bdsk-File-1 = {YnBsaXN0MDDSAQIDBFxyZWxhdGl2ZVBhdGhZYWxpYXNEYXRhXxBSLi4vLi4vLi4vLi4vLi4vUGFwZXJzL2JhbGFib25za2kvMjAxMi1hIHVuaWZpZWQgYXBwcm9hY2ggdG8gZnVsbHkgbGF6eSBzaGFyaW5nLnBkZk8RAg4AAAAAAg4AAgAADE1hY2ludG9zaCBIRAAAAAAAAAAAAAAAAAAAANNQt6ZIKwAAAAyKEx8yMDEyLWEgdW5pZmllZCBhcHByb2EjQzhBMTQucGRmAAAAAAAAAAAAAAAAAAAAAAAAAAAAAAAAAAAAAAAAAAAADIoUzNAL0AAAAAAAAAAAAAUAAwAACSAAAAAAAAAAAAAAAAAAAAAKYmFsYWJvbnNraQAQAAgAANNQqZYAAAARAAgAAMzQC9AAAAABABAADIoTAAyJjgAMdv8ABjC8AAIAT01hY2ludG9zaCBIRDpVc2VyczoAV2lsbGVtOgBQYXBlcnM6AGJhbGFib25za2k6ADIwMTItYSB1bmlmaWVkIGFwcHJvYSNDOEExNC5wZGYAAA4AZAAxADIAMAAxADIALQBhACAAdQBuAGkAZgBpAGUAZAAgAGEAcABwAHIAbwBhAGMAaAAgAHQAbwAgAGYAdQBsAGwAeQAgAGwAYQB6AHkAIABzAGgAYQByAGkAbgBnAC4AcABkAGYADwAaAAwATQBhAGMAaQBuAHQAbwBzAGgAIABIAEQAEgBQVXNlcnMvV2lsbGVtL1BhcGVycy9iYWxhYm9uc2tpLzIwMTItYSB1bmlmaWVkIGFwcHJvYWNoIHRvIGZ1bGx5IGxhenkgc2hhcmluZy5wZGYAEwABLwAAFQACAA3//wAAAAgADQAaACQAeQAAAAAAAAIBAAAAAAAAAAUAAAAAAAAAAAAAAAAAAAKL}}

@inproceedings{Gundersen-Heijltjes-Parigot-2013-LICS,
	Author = {Tom Gundersen and Willem Heijltjes and Michel Parigot},
	Booktitle = {28th Annual ACM/IEEE Symposium on Logic in Computer Science (LICS)},
	Date-Added = {2019-07-05 00:16:27 +0100},
	Date-Modified = {2019-07-05 00:16:27 +0100},
	Keywords = {explicit sharing, lambda-calculus, deep inference, sharing graphs, me},
	Pages = {311--320},
	Title = {Atomic lambda-calculus: a typed lambda-calculus with explicit sharing},
	Year = {2013},
	Bdsk-File-1 = {YnBsaXN0MDDSAQIDBFxyZWxhdGl2ZVBhdGhZYWxpYXNEYXRhXxBlLi4vLi4vLi4vLi4vLi4vUGFwZXJzL0d1bmRlcnNlbi9BdG9taWMgbGFtYmRhLWNhbGN1bHVzIGEgdHlwZWQgbGFtYmRhLWNhbGN1bHVzIHdpdGggZXhwbGljaXQtMjAxMy5wZGZPEQJIAAAAAAJIAAIAAAxNYWNpbnRvc2ggSEQAAAAAAAAAAAAAAAAAAADTULemSCsAAAAMi8YfQXRvbWljIGxhbWJkYS1jYWxjdWx1I0M4QkM5LnBkZgAAAAAAAAAAAAAAAAAAAAAAAAAAAAAAAAAAAAAAAAAAAAyLyc6QLUwAAAAAAAAAAAAFAAMAAAkgAAAAAAAAAAAAAAAAAAAACUd1bmRlcnNlbgAAEAAIAADTUKmWAAAAEQAIAADOkB88AAAAAQAQAAyLxgAMiY4ADHb/AAYwvAACAE5NYWNpbnRvc2ggSEQ6VXNlcnM6AFdpbGxlbToAUGFwZXJzOgBHdW5kZXJzZW46AEF0b21pYyBsYW1iZGEtY2FsY3VsdSNDOEJDOS5wZGYADgCMAEUAQQB0AG8AbQBpAGMAIABsAGEAbQBiAGQAYQAtAGMAYQBsAGMAdQBsAHUAcwAgAGEAIAB0AHkAcABlAGQAIABsAGEAbQBiAGQAYQAtAGMAYQBsAGMAdQBsAHUAcwAgAHcAaQB0AGgAIABlAHgAcABsAGkAYwBpAHQALQAyADAAMQAzAC4AcABkAGYADwAaAAwATQBhAGMAaQBuAHQAbwBzAGgAIABIAEQAEgBjVXNlcnMvV2lsbGVtL1BhcGVycy9HdW5kZXJzZW4vQXRvbWljIGxhbWJkYS1jYWxjdWx1cyBhIHR5cGVkIGxhbWJkYS1jYWxjdWx1cyB3aXRoIGV4cGxpY2l0LTIwMTMucGRmAAATAAEvAAAVAAIADf//AAAACAANABoAJACMAAAAAAAAAgEAAAAAAAAABQAAAAAAAAAAAAAAAAAAAtg=}}

@inproceedings{Guenot-Strassburger-2014,
	Author = {Nicolas Guenot and Lutz Stra{\ss}burger},
	Booktitle = {Joint Meeting of the Twenty-Third EACSL Annual Conference on Computer Science Logic (CSL) and the Twenty-Ninth Annual ACM/IEEE Symposium on Logic in Computer Science (LICS)},
	Date-Added = {2019-07-05 00:14:10 +0100},
	Date-Modified = {2019-07-05 00:14:10 +0100},
	Keywords = {lambda-calculus, intuitionistic logic, deep inference},
	Title = {Symmetric Normalisation for Intuitionistic Logic},
	Year = {2014},
	Bdsk-File-1 = {YnBsaXN0MDDSAQIDBFxyZWxhdGl2ZVBhdGhZYWxpYXNEYXRhXxBWLi4vLi4vLi4vLi4vLi4vUGFwZXJzL0d1ZW5vdC9TeW1tZXRyaWMgTm9ybWFsaXNhdGlvbiBmb3IgSW50dWl0aW9uaXN0aWMgTG9naWMtMjAxNC5wZGZPEQIaAAAAAAIaAAIAAAxNYWNpbnRvc2ggSEQAAAAAAAAAAAAAAAAAAADTULemSCsAAAAMi7IfU3ltbWV0cmljIE5vcm1hbGlzYXRpI0M4QkIzLnBkZgAAAAAAAAAAAAAAAAAAAAAAAAAAAAAAAAAAAAAAAAAAAAyLs9ON1T0AAAAAAAAAAAAFAAMAAAkgAAAAAAAAAAAAAAAAAAAABkd1ZW5vdAAQAAgAANNQqZYAAAARAAgAANONxy0AAAABABAADIuyAAyJjgAMdv8ABjC8AAIAS01hY2ludG9zaCBIRDpVc2VyczoAV2lsbGVtOgBQYXBlcnM6AEd1ZW5vdDoAU3ltbWV0cmljIE5vcm1hbGlzYXRpI0M4QkIzLnBkZgAADgB0ADkAUwB5AG0AbQBlAHQAcgBpAGMAIABOAG8AcgBtAGEAbABpAHMAYQB0AGkAbwBuACAAZgBvAHIAIABJAG4AdAB1AGkAdABpAG8AbgBpAHMAdABpAGMAIABMAG8AZwBpAGMALQAyADAAMQA0AC4AcABkAGYADwAaAAwATQBhAGMAaQBuAHQAbwBzAGgAIABIAEQAEgBUVXNlcnMvV2lsbGVtL1BhcGVycy9HdWVub3QvU3ltbWV0cmljIE5vcm1hbGlzYXRpb24gZm9yIEludHVpdGlvbmlzdGljIExvZ2ljLTIwMTQucGRmABMAAS8AABUAAgAN//8AAAAIAA0AGgAkAH0AAAAAAAACAQAAAAAAAAAFAAAAAAAAAAAAAAAAAAACmw==}}

@inproceedings{Brunnler-McKinley-2008,
	Author = {Kai Br{\"u}nnler and Richard McKinley},
	Booktitle = {International Conference on Logic for Programming Artificial Intelligence and Reasoning (LPAR)},
	Date-Added = {2019-07-05 00:12:26 +0100},
	Date-Modified = {2019-07-05 01:26:37 +0100},
	Keywords = {lambda-calculus, deep inference},
	Pages = {482--496},
	Title = {An Algorithmic Interpretation of a Deep Inference System},
	Year = {2008},
	Bdsk-File-1 = {YnBsaXN0MDDSAQIDBFxyZWxhdGl2ZVBhdGhZYWxpYXNEYXRhbxBhAC4ALgAvAC4ALgAvAC4ALgAvAC4ALgAvAC4ALgAvAFAAYQBwAGUAcgBzAC8AQgByAHUDCABuAG4AbABlAHIALwAyADAAMAA4AC0AYQBuACAAYQBsAGcAbwByAGkAdABoAG0AaQBjACAAaQBuAHQAZQByAHAAcgBlAHQAYQB0AGkAbwBuACAAbwBmACAAYQAgAGQAZQBlAHAAIABpAG4AZgBlAHIAZQBuAGMAZQAgAHMAeQBzAHQAZQBtAC4AcABkAGZPEQI6AAAAAAI6AAIAAAxNYWNpbnRvc2ggSEQAAAAAAAAAAAAAAAAAAADTULemSCsAAAAMim8fMjAwOC1hbiBhbGdvcml0aG1pYyBpI0M4QTc5LnBkZgAAAAAAAAAAAAAAAAAAAAAAAAAAAAAAAAAAAAAAAAAAAAyKec2ULKhQREYgQ0FSTwAFAAMAAAkgAAAAAAAAAAAAAAAAAAAACEJyn25ubGVyABAACAAA01CplgAAABEACAAAzZQemAAAAAEAEAAMim8ADImOAAx2/wAGMLwAAgBNTWFjaW50b3NoIEhEOlVzZXJzOgBXaWxsZW06AFBhcGVyczoAQnKfbm5sZXI6ADIwMDgtYW4gYWxnb3JpdGhtaWMgaSNDOEE3OS5wZGYAAA4AhABBADIAMAAwADgALQBhAG4AIABhAGwAZwBvAHIAaQB0AGgAbQBpAGMAIABpAG4AdABlAHIAcAByAGUAdABhAHQAaQBvAG4AIABvAGYAIABhACAAZABlAGUAcAAgAGkAbgBmAGUAcgBlAG4AYwBlACAAcwB5AHMAdABlAG0ALgBwAGQAZgAPABoADABNAGEAYwBpAG4AdABvAHMAaAAgAEgARAASAGBVc2Vycy9XaWxsZW0vUGFwZXJzL0JydcyIbm5sZXIvMjAwOC1hbiBhbGdvcml0aG1pYyBpbnRlcnByZXRhdGlvbiBvZiBhIGRlZXAgaW5mZXJlbmNlIHN5c3RlbS5wZGYAEwABLwAAFQACAA3//wAAAAgADQAaACQA6QAAAAAAAAIBAAAAAAAAAAUAAAAAAAAAAAAAAAAAAAMn}}

@inproceedings{Guglielmi-Gundersen-Parigot-2010,
	Author = {Alessio Guglielmi and Tom Gundersen and Michel Parigot},
	Booktitle = {21st International Conference on Rewriting Techniques and Applications (RTA)},
	Date-Added = {2019-07-05 00:11:05 +0100},
	Date-Modified = {2019-07-05 00:11:05 +0100},
	Keywords = {deep inference},
	Pages = {135--150},
	Title = {A proof calculus which reduces syntactic bureaucracy},
	Year = {2010},
	Bdsk-File-1 = {YnBsaXN0MDDSAQIDBFxyZWxhdGl2ZVBhdGhZYWxpYXNEYXRhXxBdLi4vLi4vLi4vLi4vLi4vUGFwZXJzL0d1Z2xpZWxtaS9BIHByb29mIGNhbGN1bHVzIHdoaWNoIHJlZHVjZXMgc3ludGFjdGljIGJ1cmVhdWNyYWN5LTIwMTAucGRmTxECMAAAAAACMAACAAAMTWFjaW50b3NoIEhEAAAAAAAAAAAAAAAAAAAA01C3pkgrAAAADIu+H0EgcHJvb2YgY2FsY3VsdXMgd2hpYyNDOEJDNC5wZGYAAAAAAAAAAAAAAAAAAAAAAAAAAAAAAAAAAAAAAAAAAAAMi8TLybbIAAAAAAAAAAAABQADAAAJIAAAAAAAAAAAAAAAAAAAAAlHdWdsaWVsbWkAABAACAAA01CplgAAABEACAAAy8mouAAAAAEAEAAMi74ADImOAAx2/wAGMLwAAgBOTWFjaW50b3NoIEhEOlVzZXJzOgBXaWxsZW06AFBhcGVyczoAR3VnbGllbG1pOgBBIHByb29mIGNhbGN1bHVzIHdoaWMjQzhCQzQucGRmAA4AfAA9AEEAIABwAHIAbwBvAGYAIABjAGEAbABjAHUAbAB1AHMAIAB3AGgAaQBjAGgAIAByAGUAZAB1AGMAZQBzACAAcwB5AG4AdABhAGMAdABpAGMAIABiAHUAcgBlAGEAdQBjAHIAYQBjAHkALQAyADAAMQAwAC4AcABkAGYADwAaAAwATQBhAGMAaQBuAHQAbwBzAGgAIABIAEQAEgBbVXNlcnMvV2lsbGVtL1BhcGVycy9HdWdsaWVsbWkvQSBwcm9vZiBjYWxjdWx1cyB3aGljaCByZWR1Y2VzIHN5bnRhY3RpYyBidXJlYXVjcmFjeS0yMDEwLnBkZgAAEwABLwAAFQACAA3//wAAAAgADQAaACQAhAAAAAAAAAIBAAAAAAAAAAUAAAAAAAAAAAAAAAAAAAK4}}

@inproceedings{Hendriks-VanOostrom-2003,
	Author = {Dimitri Hendriks and Vincent van Oostrom},
	Booktitle = {19th International Conference on Automated Deduction (CADE)},
	Date-Added = {2019-07-05 00:06:41 +0100},
	Date-Modified = {2019-07-05 01:25:37 +0100},
	Keywords = {lambda-calculus, rewriting},
	Pages = {136--150},
	Series = {LNCS},
	Title = {Adbmal},
	Volume = {2741},
	Year = {2003},
	Bdsk-File-1 = {YnBsaXN0MDDSAQIDBFxyZWxhdGl2ZVBhdGhZYWxpYXNEYXRhXxAuLi4vLi4vLi4vLi4vLi4vUGFwZXJzL0hlbmRyaWtzL0FkYm1hbC0yMDAzLnBkZk8RAZIAAAAAAZIAAgAADE1hY2ludG9zaCBIRAAAAAAAAAAAAAAAAAAAANNQt6ZIKwAAAAyL5Q9BZGJtYWwtMjAwMy5wZGYAAAAAAAAAAAAAAAAAAAAAAAAAAAAAAAAAAAAAAAAAAAAAAAAAAAAAAAAAAAAAAAAADIvm02CzKAAAAAAAAAAAAAUAAwAACSAAAAAAAAAAAAAAAAAAAAAISGVuZHJpa3MAEAAIAADTUKmWAAAAEQAIAADTYKUYAAAAAQAQAAyL5QAMiY4ADHb/AAYwvAACAD1NYWNpbnRvc2ggSEQ6VXNlcnM6AFdpbGxlbToAUGFwZXJzOgBIZW5kcmlrczoAQWRibWFsLTIwMDMucGRmAAAOACAADwBBAGQAYgBtAGEAbAAtADIAMAAwADMALgBwAGQAZgAPABoADABNAGEAYwBpAG4AdABvAHMAaAAgAEgARAASACxVc2Vycy9XaWxsZW0vUGFwZXJzL0hlbmRyaWtzL0FkYm1hbC0yMDAzLnBkZgATAAEvAAAVAAIADf//AAAACAANABoAJABVAAAAAAAAAgEAAAAAAAAABQAAAAAAAAAAAAAAAAAAAes=}}

@article{Fernandez-Mackie-Sinot-2005,
	Author = {Fern{\'a}ndez, Maribel and Mackie, Ian and Sinot, Fran{\c c}ois-R{\'e}gis},
	Date-Added = {2019-07-05 00:05:10 +0100},
	Date-Modified = {2019-07-05 02:06:42 +0100},
	Journal = {Applicable Algebra in Engineering, Communication and Computing},
	Keywords = {lambda-calculus, director strings},
	Number = {6},
	Pages = {393--437},
	Title = {Lambda-calculus with director strings},
	Volume = {15},
	Year = {2005},
	Bdsk-File-1 = {YnBsaXN0MDDSAQIDBFxyZWxhdGl2ZVBhdGhZYWxpYXNEYXRhbxBPAC4ALgAvAC4ALgAvAC4ALgAvAC4ALgAvAC4ALgAvAFAAYQBwAGUAcgBzAC8ARgBlAHIAbgBhAwEAbgBkAGUAegAvAEwAYQBtAGIAZABhAC0AYwBhAGwAYwB1AGwAdQBzACAAdwBpAHQAaAAgAGQAaQByAGUAYwB0AG8AcgAgAHMAdAByAGkAbgBnAHMALQAyADAAMAA1AC4AcABkAGZPEQIEAAAAAAIEAAIAAAxNYWNpbnRvc2ggSEQAAAAAAAAAAAAAAAAAAADTULemSCsAAAEsXPEfTGFtYmRhLWNhbGN1bHVzIHdpdCMxMkJFRDVDLnBkZgAAAAAAAAAAAAAAAAAAAAAAAAAAAAAAAAAAAAAAAAAAASvtXNeAn9oAAAAAAAAAAAAFAAMAAAkgAAAAAAAAAAAAAAAAAAAACUZlcm6HbmRlegAAEAAIAADTUKmWAAAAEQAIAADXgJHKAAAAAQAQASxc8QAMiY4ADHb/AAYwvAACAE5NYWNpbnRvc2ggSEQ6VXNlcnM6AFdpbGxlbToAUGFwZXJzOgBGZXJuh25kZXo6AExhbWJkYS1jYWxjdWx1cyB3aXQjMTJCRUQ1Qy5wZGYADgBeAC4ATABhAG0AYgBkAGEALQBjAGEAbABjAHUAbAB1AHMAIAB3AGkAdABoACAAZABpAHIAZQBjAHQAbwByACAAcwB0AHIAaQBuAGcAcwAtADIAMAAwADUALgBwAGQAZgAPABoADABNAGEAYwBpAG4AdABvAHMAaAAgAEgARAASAE5Vc2Vycy9XaWxsZW0vUGFwZXJzL0Zlcm5hzIFuZGV6L0xhbWJkYS1jYWxjdWx1cyB3aXRoIGRpcmVjdG9yIHN0cmluZ3MtMjAwNS5wZGYAEwABLwAAFQACAA3//wAAAAgADQAaACQAxQAAAAAAAAIBAAAAAAAAAAUAAAAAAAAAAAAAAAAAAALN}}

@inproceedings{Launchbury-1993,
	Author = {John Launchbury},
	Booktitle = {20th ACM SIGPLAN-SIGACT symposium on Principles of programming languages (POPL)},
	Date-Added = {2019-07-05 00:03:55 +0100},
	Date-Modified = {2019-07-05 01:27:49 +0100},
	Keywords = {lambda-calculus, explicit sharing},
	Pages = {144-154},
	Title = {A Natural Semantics for Lazy Evaluation},
	Year = {1993},
	Bdsk-File-1 = {YnBsaXN0MDDSAQIDBFxyZWxhdGl2ZVBhdGhZYWxpYXNEYXRhXxBRLi4vLi4vLi4vLi4vLi4vUGFwZXJzL2xhdW5jaGJ1cnkvMTk5My1hIG5hdHVyYWwgc2VtYW50aWNzIGZvciBsYXp5IGV2YWx1YXRpb24ucGRmTxECDAAAAAACDAACAAAMTWFjaW50b3NoIEhEAAAAAAAAAAAAAAAAAAAA01C3pkgrAAAADIyZHzE5OTMtYSBuYXR1cmFsIHNlbWFudCNDOEM5QS5wZGYAAAAAAAAAAAAAAAAAAAAAAAAAAAAAAAAAAAAAAAAAAAAMjJrNdizWUERGIENBUk8ABQADAAAJIAAAAAAAAAAAAAAAAAAAAApsYXVuY2hidXJ5ABAACAAA01CplgAAABEACAAAzXYs1gAAAAEAEAAMjJkADImOAAx2/wAGMLwAAgBPTWFjaW50b3NoIEhEOlVzZXJzOgBXaWxsZW06AFBhcGVyczoAbGF1bmNoYnVyeToAMTk5My1hIG5hdHVyYWwgc2VtYW50I0M4QzlBLnBkZgAADgBiADAAMQA5ADkAMwAtAGEAIABuAGEAdAB1AHIAYQBsACAAcwBlAG0AYQBuAHQAaQBjAHMAIABmAG8AcgAgAGwAYQB6AHkAIABlAHYAYQBsAHUAYQB0AGkAbwBuAC4AcABkAGYADwAaAAwATQBhAGMAaQBuAHQAbwBzAGgAIABIAEQAEgBPVXNlcnMvV2lsbGVtL1BhcGVycy9sYXVuY2hidXJ5LzE5OTMtYSBuYXR1cmFsIHNlbWFudGljcyBmb3IgbGF6eSBldmFsdWF0aW9uLnBkZgAAEwABLwAAFQACAA3//wAAAAgADQAaACQAeAAAAAAAAAIBAAAAAAAAAAUAAAAAAAAAAAAAAAAAAAKI}}

@inproceedings{Lamping-1990,
	Author = {John Lamping},
	Booktitle = {Proceedings of the 17th ACM SIGPLAN-SIGACT symposium on Principles of programming languages},
	Date-Added = {2019-07-05 00:00:29 +0100},
	Date-Modified = {2019-07-05 00:00:29 +0100},
	Keywords = {lambda-calculus, optimal reduction, sharing graphs},
	Pages = {16--30},
	Title = {An Algorithm for Optimal Lambda Calculus Reduction},
	Year = {1990},
	Bdsk-File-1 = {YnBsaXN0MDDSAQIDBFxyZWxhdGl2ZVBhdGhZYWxpYXNEYXRhXxBZLi4vLi4vLi4vLi4vLi4vUGFwZXJzL0xhbXBpbmcvMTk5MC1hbiBhbGdvcml0aG0gZm9yIG9wdGltYWwgbGFtYmRhIGNhbGN1bHVzIHJlZHVjdGlvbi5wZGZPEQIkAAAAAAIkAAIAAAxNYWNpbnRvc2ggSEQAAAAAAAAAAAAAAAAAAADTULemSCsAAAAMjJEfMTk5MC1hbiBhbGdvcml0aG0gZm9yI0M4QzkyLnBkZgAAAAAAAAAAAAAAAAAAAAAAAAAAAAAAAAAAAAAAAAAAAAyMks0S5sMAAAAAAAAAAAAFAAMAAAkgAAAAAAAAAAAAAAAAAAAAB0xhbXBpbmcAABAACAAA01CplgAAABEACAAAzRLmwwAAAAEAEAAMjJEADImOAAx2/wAGMLwAAgBMTWFjaW50b3NoIEhEOlVzZXJzOgBXaWxsZW06AFBhcGVyczoATGFtcGluZzoAMTk5MC1hbiBhbGdvcml0aG0gZm9yI0M4QzkyLnBkZgAOAHgAOwAxADkAOQAwAC0AYQBuACAAYQBsAGcAbwByAGkAdABoAG0AIABmAG8AcgAgAG8AcAB0AGkAbQBhAGwAIABsAGEAbQBiAGQAYQAgAGMAYQBsAGMAdQBsAHUAcwAgAHIAZQBkAHUAYwB0AGkAbwBuAC4AcABkAGYADwAaAAwATQBhAGMAaQBuAHQAbwBzAGgAIABIAEQAEgBXVXNlcnMvV2lsbGVtL1BhcGVycy9MYW1waW5nLzE5OTAtYW4gYWxnb3JpdGhtIGZvciBvcHRpbWFsIGxhbWJkYSBjYWxjdWx1cyByZWR1Y3Rpb24ucGRmAAATAAEvAAAVAAIADf//AAAACAANABoAJACAAAAAAAAAAgEAAAAAAAAABQAAAAAAAAAAAAAAAAAAAqg=}}

@article{Kennaway-Sleep-1988,
	Author = {Richard Kennaway and Ronan Sleep},
	Date-Added = {2019-07-04 23:59:19 +0100},
	Date-Modified = {2019-07-04 23:59:19 +0100},
	Journal = {ACM Transactions on Programming Languages and Systems},
	Keywords = {lambda-calculus, director strings, combinatory logic, historic},
	Title = {Director strings as combinators},
	Year = {1988},
	Bdsk-File-1 = {YnBsaXN0MDDSAQIDBFxyZWxhdGl2ZVBhdGhZYWxpYXNEYXRhXxBHLi4vLi4vLi4vLi4vLi4vUGFwZXJzL0tlbm5hd2F5L0RpcmVjdG9yIHN0cmluZ3MgYXMgY29tYmluYXRvcnMtMTk4OC5wZGZPEQHuAAAAAAHuAAIAAAxNYWNpbnRvc2ggSEQAAAAAAAAAAAAAAAAAAADTULemSCsAAAEsXmofRGlyZWN0b3Igc3RyaW5ncyBhcyMxMkM1RTQwLnBkZgAAAAAAAAAAAAAAAAAAAAAAAAAAAAAAAAAAAAAAAAAAASxeQNeEpAwAAAAAAAAAAAAFAAMAAAkgAAAAAAAAAAAAAAAAAAAACEtlbm5hd2F5ABAACAAA01CplgAAABEACAAA14SV/AAAAAEAEAEsXmoADImOAAx2/wAGMLwAAgBNTWFjaW50b3NoIEhEOlVzZXJzOgBXaWxsZW06AFBhcGVyczoAS2VubmF3YXk6AERpcmVjdG9yIHN0cmluZ3MgYXMjMTJDNUU0MC5wZGYAAA4AUgAoAEQAaQByAGUAYwB0AG8AcgAgAHMAdAByAGkAbgBnAHMAIABhAHMAIABjAG8AbQBiAGkAbgBhAHQAbwByAHMALQAxADkAOAA4AC4AcABkAGYADwAaAAwATQBhAGMAaQBuAHQAbwBzAGgAIABIAEQAEgBFVXNlcnMvV2lsbGVtL1BhcGVycy9LZW5uYXdheS9EaXJlY3RvciBzdHJpbmdzIGFzIGNvbWJpbmF0b3JzLTE5ODgucGRmAAATAAEvAAAVAAIADf//AAAACAANABoAJABuAAAAAAAAAgEAAAAAAAAABQAAAAAAAAAAAAAAAAAAAmA=}}

@article{Berkling-Fehr-1982,
	Author = {Klaus J. Berkling and Elfriede Fehr},
	Date-Added = {2019-07-04 23:58:53 +0100},
	Date-Modified = {2019-07-04 23:58:53 +0100},
	Journal = {Information and Control},
	Keywords = {lambda-calculus},
	Pages = {89--101},
	Title = {A consistent extension of the lambda-calculus as a base for functional programming languages},
	Volume = {55},
	Year = {1982},
	Bdsk-File-1 = {YnBsaXN0MDDSAQIDBFxyZWxhdGl2ZVBhdGhZYWxpYXNEYXRhXxB3Li4vLi4vLi4vLi4vUGFwZXJzL0JlcmtsaW5nL0EgY29uc2lzdGVudCBleHRlbnNpb24gb2YgdGhlIGxhbWJkYS1jYWxjdWx1cyBhcyBhIGJhc2UgZm9yIGZ1bmN0aW9uYWwgcHJvZ3JhbW1pbmctMTk4Mi5wZGZPEQKeAAAAAAKeAAIAAAxNYWNpbnRvc2ggSEQAAAAAAAAAAAAAAAAAAADTULemSCsAAAGYVfwfQSBjb25zaXN0ZW50IGV4dGVucyMxOTg1NTlBLnBkZgAAAAAAAAAAAAAAAAAAAAAAAAAAAAAAAAAAAAAAAAAAAZhVmtlEQrwAAAAAAAAAAAAEAAMAAAkgAAAAAAAAAAAAAAAAAAAACEJlcmtsaW5nABAACAAA01CplgAAABEACAAA2UQ0rAAAAAEAFAGYVfwBWjwTAAx9IwAMdv8ABjC8AAIAWE1hY2ludG9zaCBIRDpVc2VyczoAV2lsbGVtOgBEb2N1bWVudHM6AFBhcGVyczoAQmVya2xpbmc6AEEgY29uc2lzdGVudCBleHRlbnMjMTk4NTU5QS5wZGYADgC4AFsAQQAgAGMAbwBuAHMAaQBzAHQAZQBuAHQAIABlAHgAdABlAG4AcwBpAG8AbgAgAG8AZgAgAHQAaABlACAAbABhAG0AYgBkAGEALQBjAGEAbABjAHUAbAB1AHMAIABhAHMAIABhACAAYgBhAHMAZQAgAGYAbwByACAAZgB1AG4AYwB0AGkAbwBuAGEAbAAgAHAAcgBvAGcAcgBhAG0AbQBpAG4AZwAtADEAOQA4ADIALgBwAGQAZgAPABoADABNAGEAYwBpAG4AdABvAHMAaAAgAEgARAASAIJVc2Vycy9XaWxsZW0vRG9jdW1lbnRzL1BhcGVycy9CZXJrbGluZy9BIGNvbnNpc3RlbnQgZXh0ZW5zaW9uIG9mIHRoZSBsYW1iZGEtY2FsY3VsdXMgYXMgYSBiYXNlIGZvciBmdW5jdGlvbmFsIHByb2dyYW1taW5nLTE5ODIucGRmABMAAS8AABUAAgAN//8AAAAIAA0AGgAkAJ4AAAAAAAACAQAAAAAAAAAFAAAAAAAAAAAAAAAAAAADQA==}}

@book{Asperti-Guerrini-1998,
	Author = {Andrea Asperti and Stefano Guerrini},
	Date-Added = {2019-07-04 23:54:49 +0100},
	Date-Modified = {2019-07-04 23:54:49 +0100},
	Keywords = {sharing graphs, optimal reduction, functional programming},
	Publisher = {Cambridge University Press},
	Title = {The Optimal Implementation of Functional Programming Languages},
	Year = {1998},
	Bdsk-File-1 = {YnBsaXN0MDDSAQIDBFxyZWxhdGl2ZVBhdGhZYWxpYXNEYXRhXxBlLi4vLi4vLi4vLi4vLi4vUGFwZXJzL2FzcGVydGkvMTk5OC10aGUgb3B0aW1hbCBpbXBsZW1lbnRhdGlvbiBvZiBmdW5jdGlvbmFsIHByb2dyYW1taW5nIGxhbmd1YWdlcy5wZGZPEQJIAAAAAAJIAAIAAAxNYWNpbnRvc2ggSEQAAAAAAAAAAAAAAAAAAADTULemSCsAAAAMicgfMTk5OC10aGUgb3B0aW1hbCBpbXBsI0M4OUM5LnBkZgAAAAAAAAAAAAAAAAAAAAAAAAAAAAAAAAAAAAAAAAAAAAyJyc1npWgAAAAAAAAAAAAFAAMAAAkgAAAAAAAAAAAAAAAAAAAAB2FzcGVydGkAABAACAAA01CplgAAABEACAAAzWelaAAAAAEAEAAMicgADImOAAx2/wAGMLwAAgBMTWFjaW50b3NoIEhEOlVzZXJzOgBXaWxsZW06AFBhcGVyczoAYXNwZXJ0aToAMTk5OC10aGUgb3B0aW1hbCBpbXBsI0M4OUM5LnBkZgAOAJAARwAxADkAOQA4AC0AdABoAGUAIABvAHAAdABpAG0AYQBsACAAaQBtAHAAbABlAG0AZQBuAHQAYQB0AGkAbwBuACAAbwBmACAAZgB1AG4AYwB0AGkAbwBuAGEAbAAgAHAAcgBvAGcAcgBhAG0AbQBpAG4AZwAgAGwAYQBuAGcAdQBhAGcAZQBzAC4AcABkAGYADwAaAAwATQBhAGMAaQBuAHQAbwBzAGgAIABIAEQAEgBjVXNlcnMvV2lsbGVtL1BhcGVycy9hc3BlcnRpLzE5OTgtdGhlIG9wdGltYWwgaW1wbGVtZW50YXRpb24gb2YgZnVuY3Rpb25hbCBwcm9ncmFtbWluZyBsYW5ndWFnZXMucGRmAAATAAEvAAAVAAIADf//AAAACAANABoAJACMAAAAAAAAAgEAAAAAAAAABQAAAAAAAAAAAAAAAAAAAtg=}}

@incollection{Levy-1980,
	Author = {L{\'e}vy, Jean-Jacques},
	Booktitle = {To H.B.\ Curry: Essays in Combinatory Logic, Lambda Calculus and Formalism},
	Date-Added = {2019-07-04 23:54:25 +0100},
	Date-Modified = {2019-07-04 23:54:25 +0100},
	Keywords = {lambda-calculus, optimal reduction},
	Publisher = {Academic Press},
	Title = {Optimal reductions in the lambda-calculus},
	Year = {1980},
	Bdsk-File-1 = {YnBsaXN0MDDSAQIDBFxyZWxhdGl2ZVBhdGhZYWxpYXNEYXRhbxBOAC4ALgAvAC4ALgAvAC4ALgAvAC4ALgAvAC4ALgAvAFAAYQBwAGUAcgBzAC8ATABlAwEAdgB5AC8ATwBwAHQAaQBtAGEAbAAgAHIAZQBkAHUAYwB0AGkAbwBuAHMAIABpAG4AIAB0AGgAZQAgAGwAYQBtAGIAZABhAC0AYwBhAGwAYwB1AGwAdQBzAC0AMQA5ADgAMAAuAHAAZABmTxECAgAAAAACAgACAAAMTWFjaW50b3NoIEhEAAAAAAAAAAAAAAAAAAAA01C3pkgrAAAADIy6H09wdGltYWwgcmVkdWN0aW9ucyBpbiNDOENCRC5wZGYAAAAAAAAAAAAAAAAAAAAAAAAAAAAAAAAAAAAAAAAAAAAMjL3PMiyPAAAAAAAAAAAABQADAAAJIAAAAAAAAAAAAAAAAAAAAARMjnZ5ABAACAAA01CplgAAABEACAAAzzIsjwAAAAEAEAAMjLoADImOAAx2/wAGMLwAAgBJTWFjaW50b3NoIEhEOlVzZXJzOgBXaWxsZW06AFBhcGVyczoATI52eToAT3B0aW1hbCByZWR1Y3Rpb25zIGluI0M4Q0JELnBkZgAADgBmADIATwBwAHQAaQBtAGEAbAAgAHIAZQBkAHUAYwB0AGkAbwBuAHMAIABpAG4AIAB0AGgAZQAgAGwAYQBtAGIAZABhAC0AYwBhAGwAYwB1AGwAdQBzAC0AMQA5ADgAMAAuAHAAZABmAA8AGgAMAE0AYQBjAGkAbgB0AG8AcwBoACAASABEABIATVVzZXJzL1dpbGxlbS9QYXBlcnMvTGXMgXZ5L09wdGltYWwgcmVkdWN0aW9ucyBpbiB0aGUgbGFtYmRhLWNhbGN1bHVzLTE5ODAucGRmAAATAAEvAAAVAAIADf//AAAACAANABoAJADDAAAAAAAAAgEAAAAAAAAABQAAAAAAAAAAAAAAAAAAAsk=}}

@article{Abadi-Cardelli-Curien-Levy-1991,
	Author = {Mart{\'\i}n Abadi and Luca Cardelli and Pierre-Louis Curien and Jean-Jacques L{\'e}vy},
	Date-Added = {2019-07-04 23:54:25 +0100},
	Date-Modified = {2019-07-04 23:54:25 +0100},
	Journal = {Journal of Functional Programming},
	Keywords = {explicit substitution, lambda-calculus},
	Number = {4},
	Pages = {375--416},
	Title = {Explicit substitutions},
	Volume = {1},
	Year = {1991}}

@inproceedings{Blanc-Levy-Maranget-2007,
	Author = {Blanc, Tomasz and L{\'e}vy, Jean-Jacques and Maranget, Luc},
	Booktitle = {Reflections on Type Theory, Lambda Calculus, and the Mind},
	Date-Added = {2019-07-04 23:54:25 +0100},
	Date-Modified = {2019-07-04 23:54:25 +0100},
	Keywords = {lambda-calculus, explicit sharing},
	Pages = {41--50},
	Title = {Sharing in the weak lambda-calculus revisited},
	Year = {2007},
	Bdsk-File-1 = {YnBsaXN0MDDSAQIDBFxyZWxhdGl2ZVBhdGhZYWxpYXNEYXRhXxBTLi4vLi4vLi4vLi4vLi4vUGFwZXJzL0JsYW5jL1NoYXJpbmcgaW4gdGhlIHdlYWsgbGFtYmRhLWNhbGN1bHVzIHJldmlzaXRlZC0yMDA3MC5wZGZPEQISAAAAAAISAAIAAAxNYWNpbnRvc2ggSEQAAAAAAAAAAAAAAAAAAADTULemSCsAAAAZXfsfU2hhcmluZyBpbiB0aGUgd2VhayAjMTk3NUI3LnBkZgAAAAAAAAAAAAAAAAAAAAAAAAAAAAAAAAAAAAAAAAAAABl1t9PE15oAAAAAAAAAAAAFAAMAAAkgAAAAAAAAAAAAAAAAAAAABUJsYW5jAAAQAAgAANNQqZYAAAARAAgAANPEyYoAAAABABAAGV37AAyJjgAMdv8ABjC8AAIASk1hY2ludG9zaCBIRDpVc2VyczoAV2lsbGVtOgBQYXBlcnM6AEJsYW5jOgBTaGFyaW5nIGluIHRoZSB3ZWFrICMxOTc1QjcucGRmAA4AcAA3AFMAaABhAHIAaQBuAGcAIABpAG4AIAB0AGgAZQAgAHcAZQBhAGsAIABsAGEAbQBiAGQAYQAtAGMAYQBsAGMAdQBsAHUAcwAgAHIAZQB2AGkAcwBpAHQAZQBkAC0AMgAwADAANwAwAC4AcABkAGYADwAaAAwATQBhAGMAaQBuAHQAbwBzAGgAIABIAEQAEgBRVXNlcnMvV2lsbGVtL1BhcGVycy9CbGFuYy9TaGFyaW5nIGluIHRoZSB3ZWFrIGxhbWJkYS1jYWxjdWx1cyByZXZpc2l0ZWQtMjAwNzAucGRmAAATAAEvAAAVAAIADf//AAAACAANABoAJAB6AAAAAAAAAgEAAAAAAAAABQAAAAAAAAAAAAAAAAAAApA=}}

@article{DeBruijn-1972,
	Author = {N.G de Bruijn},
	Date-Added = {2019-07-04 23:53:23 +0100},
	Date-Modified = {2019-07-04 23:53:23 +0100},
	Journal = {Indagationes Mathematicae (Proceedings)},
	Keywords = {lambda-calculus},
	Number = {5},
	Pages = {381 - 392},
	Title = {Lambda calculus notation with nameless dummies, a tool for automatic formula manipulation, with application to the Church-Rosser theorem},
	Volume = {75},
	Year = {1972},
	Bdsk-File-1 = {YnBsaXN0MDDSAQIDBFxyZWxhdGl2ZVBhdGhZYWxpYXNEYXRhXxBVLi4vLi4vLi4vLi4vLi4vUGFwZXJzL0JydWlqbi9MYW1iZGEgY2FsY3VsdXMgbm90YXRpb24gd2l0aCBuYW1lbGVzcyBkdW1taWVzLC0xOTcyLnBkZk8RAhgAAAAAAhgAAgAADE1hY2ludG9zaCBIRAAAAAAAAAAAAAAAAAAAANNQt6ZIKwAAAB+DUh9MYW1iZGEgY2FsY3VsdXMgbm90YSMxRjgzMjcucGRmAAAAAAAAAAAAAAAAAAAAAAAAAAAAAAAAAAAAAAAAAAAAH4Mn09O9kQAAAAAAAAAAAAUAAwAACSAAAAAAAAAAAAAAAAAAAAAGQnJ1aWpuABAACAAA01CplgAAABEACAAA09OvgQAAAAEAEAAfg1IADImOAAx2/wAGMLwAAgBLTWFjaW50b3NoIEhEOlVzZXJzOgBXaWxsZW06AFBhcGVyczoAQnJ1aWpuOgBMYW1iZGEgY2FsY3VsdXMgbm90YSMxRjgzMjcucGRmAAAOAHIAOABMAGEAbQBiAGQAYQAgAGMAYQBsAGMAdQBsAHUAcwAgAG4AbwB0AGEAdABpAG8AbgAgAHcAaQB0AGgAIABuAGEAbQBlAGwAZQBzAHMAIABkAHUAbQBtAGkAZQBzACwALQAxADkANwAyAC4AcABkAGYADwAaAAwATQBhAGMAaQBuAHQAbwBzAGgAIABIAEQAEgBTVXNlcnMvV2lsbGVtL1BhcGVycy9CcnVpam4vTGFtYmRhIGNhbGN1bHVzIG5vdGF0aW9uIHdpdGggbmFtZWxlc3MgZHVtbWllcywtMTk3Mi5wZGYAABMAAS8AABUAAgAN//8AAAAIAA0AGgAkAHwAAAAAAAACAQAAAAAAAAAFAAAAAAAAAAAAAAAAAAACmA==}}

@phdthesis{Wadsworth-1971,
	Author = {Wadsworth, Christopher Peter},
	Date-Added = {2019-07-04 23:52:01 +0100},
	Date-Modified = {2019-07-04 23:52:01 +0100},
	Keywords = {lambda-calculus, graph rewriting, explicit sharing},
	School = {University of Oxford},
	Title = {Semantics and Pragmatics of the Lambda-Calculus},
	Year = {1971},
	Bdsk-File-1 = {YnBsaXN0MDDSAQIDBFxyZWxhdGl2ZVBhdGhZYWxpYXNEYXRhXxBYLi4vLi4vLi4vLi4vLi4vUGFwZXJzL1dhZHN3b3J0aC8xOTcxLXNlbWFudGljcyBhbmQgcHJhZ21hdGljcyBvZiB0aGUgbGFtYmRhLWNhbGN1bHVzLnBkZk8RAiAAAAAAAiAAAgAADE1hY2ludG9zaCBIRAAAAAAAAAAAAAAAAAAAANNQt6ZIKwAAAAyOPx8xOTcxLXNlbWFudGljcyBhbmQgcHIjQzhFNDAucGRmAAAAAAAAAAAAAAAAAAAAAAAAAAAAAAAAAAAAAAAAAAAADI5AzSR0sQAAAAAAAAAAAAUAAwAACSAAAAAAAAAAAAAAAAAAAAAJV2Fkc3dvcnRoAAAQAAgAANNQqZYAAAARAAgAAM0kdLEAAAABABAADI4/AAyJjgAMdv8ABjC8AAIATk1hY2ludG9zaCBIRDpVc2VyczoAV2lsbGVtOgBQYXBlcnM6AFdhZHN3b3J0aDoAMTk3MS1zZW1hbnRpY3MgYW5kIHByI0M4RTQwLnBkZgAOAHIAOAAxADkANwAxAC0AcwBlAG0AYQBuAHQAaQBjAHMAIABhAG4AZAAgAHAAcgBhAGcAbQBhAHQAaQBjAHMAIABvAGYAIAB0AGgAZQAgAGwAYQBtAGIAZABhAC0AYwBhAGwAYwB1AGwAdQBzAC4AcABkAGYADwAaAAwATQBhAGMAaQBuAHQAbwBzAGgAIABIAEQAEgBWVXNlcnMvV2lsbGVtL1BhcGVycy9XYWRzd29ydGgvMTk3MS1zZW1hbnRpY3MgYW5kIHByYWdtYXRpY3Mgb2YgdGhlIGxhbWJkYS1jYWxjdWx1cy5wZGYAEwABLwAAFQACAA3//wAAAAgADQAaACQAfwAAAAAAAAIBAAAAAAAAAAUAAAAAAAAAAAAAAAAAAAKj}}
